@article{gellertmarkov,
    author = {{Á}rpád {G}ellért and Adrian Florea and Ugo Fiore and Francesco Palmieri and Paolo Zanetti},
    year = {2019},
    month = {January},
    title = {A study on forecasting electricity production and consumption in smart cities and factories},
    journal = {International Journal of Information Management, Elsevier},
}

@Misc{enerdata,
    author = {Enerdata},
    title = {Electricity domestic consumption},
    month = {December},
    year = {2018},
    note = {\url{https://yearbook.enerdata.net/electricity/electricity-domestic-consumption-data.html}, Accessed December 2018},
}

@article{bouzerdoum,
    author = {Bouzerdoum, M. and Mellit, Adel and Massi Pavan, Alessandro},
    year = {2013},
    month = {December},
    pages = {226–235},
    title = {A hybrid model ({SARIMA}–{SVM}) for short-term power forecasting of a small-scale grid-connected photovoltaic plant},
    volume = {98},
    journal = {Solar Energy},
    doi = {10.1016/j.solener.2013.10.002}
}

@inproceedings{Rdesign,
    author = {Morandat, Floréal and Hill, Brandon and Osvald, Leo and Vitek, Jan},
    year = {2012},
    month = {June},
    pages = {104-131},
    title = {Evaluating the {D}esign of the {R} Language - {O}bjects and {F}unctions for {D}ata {A}nalysis},
    volume = {7313},
    doi = {10.1007/978-3-642-31057-7_6}
}

@Misc{feilmeier,
    author = {Stefan Feilmeier},
    title = {Loads management based on {P}hotovoltaic and {E}nergy {S}torage {S}ystem. {MS}c {T}hesis, "{L}ucian {B}laga" {U}niversity of {S}ibiu, {S}upervisor: {Á}rpád {G}ellért},
    year = {2015},
}

@Misc{antonescu,
    author = {Vasile Catalin Antonescu},
    title = {Predicția {C}onsumului și a {P}roducției de {E}nergie {F}olosind {M}etode {C}ontextuale. {BS}c {T}hesis, "{L}ucian {B}laga" {U}niversity of {S}ibiu, {S}upervisor: {Á}rpád {G}ellért},
    year = {2017},
}

@Misc{oxfordForecast,
    author = {Oxford University Press},
    title = {Definition of forecast in {E}nglish},
    note = {\url{https://en.oxforddictionaries.com/definition/forecast}, Accessed December 2018},
}

@book{boxjenkins,
    author = {George E. P. Box, Gwilym M. Jenkins, Gregory C. Reinsel, Greta M. Ljung},
    title = {Time Series Analysis: Forecasting and Control, 5th Edition},
    year = {2015},
    month = {June},
}

@Misc{berkleysarimamodels,
    author = {Arturo Fernandez},
    title = {{SARIMA} models},
    year = {2017},
    note = {\url{https://www.stat.berkeley.edu/~arturof/Teaching/STAT248/lab07_part1.html}, Accessed December 2018},
}

@article{markovpersonmovement,
    author = {Gellert, Arpad and Vintan, Lucian},
    year = {2006},
    month = {March},
    pages = {17-30},
    title = {Person {M}ovement {P}rediction {U}sing {H}idden {M}arkov {M}odels},
    volume = {15},
    journal = {Studies in Informatics and Control}
}

@article{pedrocoimbra,
    author = {T.C. Pedro, Hugo and F.M. Coimbra, Carlos},
    year = {2012},
    month = {July},
    pages = {2017-2028},
    title = {Assessment of forecasting techniques for solar power production with no exogenous inputs},
    volume = {86},
    journal = {Solar Energy},
    doi = {10.1016/j.solener.2012.04.004}
}

@article{ding2011ann,
    title={An {ANN}-based approach for forecasting the power output of photovoltaic system},
    author={Ding, Ming and Wang, Lei and Bi, Rui},
    journal={Procedia Environmental Sciences},
    volume={11},
    pages={1308--1315},
    year={2011},
    publisher={Elsevier}
}

@book{kahneman2011thinking,
    title={Thinking, Fast and Slow},
    author={Kahneman, D.},
    isbn={9781429969352},
    url={https://books.google.ro/books?id=ZuKTvERuPG8C},
    year={2011},
    publisher={Farrar, Straus and Giroux}
}

@article{hindsightbias,
    author = {Neal J. Roese and Kathleen D. Vohs},
    title ={Hindsight Bias},
    journal = {Perspectives on Psychological Science},
    volume = {7},
    number = {5},
    pages = {411-426},
    year = {2012},
    doi = {10.1177/1745691612454303},
    note ={PMID: 26168501},
    
    URL = { 
    https://doi.org/10.1177/1745691612454303
    
    },
    eprint = { 
    https://doi.org/10.1177/1745691612454303
    
    }
}

@book{hey2014computing,
    title={The Computing Universe: A Journey through a Revolution},
    author={Hey, T. and Hey, A.J.G. and P{\'a}pay, G.},
    isbn={9780521766456},
    lccn={2014030815},
    url={https://books.google.ro/books?id=NrMkBQAAQBAJ},
    year={2014},
    publisher={Cambridge University Press}
}

@Misc{RassignOps,
    author = {R Documentation},
    title = {Assignment Operators},
    year = {2018},
    month = {October},
    note = {\url{https://www.rdocumentation.org/packages/base/versions/3.5.2/topics/assignOps}, Accessed January 2019},
}

@Misc{pythongrowth,
    author = {David Robinson},
    title = {The {I}ncredible {G}rowth of {P}ython},
    year = {2017},
    month = {September},
    note = {\url{https://stackoverflow.blog/2017/09/06/incredible-growth-python/}, Accessed January 2019},
}

@article{adftest,
    author = { David A.   Dickey  and  Wayne A.   Fuller },
    title = {Distribution of the Estimators for Autoregressive Time Series with a Unit Root},
    journal = {Journal of the American Statistical Association},
    volume = {74},
    number = {366a},
    pages = {427-431},
    year  = {1979},
    publisher = {Taylor & Francis},
    doi = {10.1080/01621459.1979.10482531},
    
    URL = { 
    https://doi.org/10.1080/01621459.1979.10482531
    
    },
    eprint = { 
    https://doi.org/10.1080/01621459.1979.10482531
    
    }
    
}

@article{unitroottestselliott,
    author = {Elliott, Graham and Stock, James and J. Rothenberg, Thomas},
    year = {1996},
    month = {February},
    pages = {813-36},
    title = {Efficient Tests for an Autoregressive Unit Root},
    volume = {64},
    journal = {Econometrica},
    doi = {10.2307/2171846}
}

@article{unitroottestsPhillips,
    author = {Phillips, Peter and Perron, Pierre},
    year = {1986},
    month = {January},
    pages = {},
    title = {Testing for a Unit Root in Time Series Regression},
    volume = {75},
    journal = {Cowles Foundation, Yale University, Cowles Foundation Discussion Papers},
    doi = {10.1093/biomet/75.2.335}
}

@Misc{churvichunitroot,
    author = {Clifford M. Hurvich},
    title = {Differencing and unit root tests},
    month = {April},
    year = {2004},
    note = {\url{http://pages.stern.nyu.edu/~churvich/Forecasting/Handouts/UnitRoot.pdf}, Accessed January 2019},
}

@Misc{nielsenunitroot,
    author = {Heino Bohn Nielsen},
    title = {Non-Stationary Time Series and Unit Root Tests},
    year = {2005},
    note = {\url{http://web.econ.ku.dk/metrics/Econometrics2_05_II/Slides/08_unitroottests_2pp.pdf}, Accessed January 2019},
}

@Manual{rforecastpackage,
    title = {{forecast}: Forecasting functions for time series and linear models},
    author = {Rob J. Hyndman and George Athanasopoulos and Christoph
    Bergmeir and Gabriel Caceres and Leanne Chhay and Mitchell
    O'Hara-Wild and Fotios Petropoulos and Slava Razbash and Earo
    Wang and Farah Yasmeen},
    year = {2018},
    note = {R package version 8.4},
    url = {http://pkg.robjhyndman.com/forecast},
}

@Misc{fpp2seasonalplot,
    author = {Rob J. Hyndman and George Athanasopoulos},
    title = {Seasonal plots},
    year = {2018},
    month = {December},
    note = {\url{https://otexts.org/fpp2/seasonal-plots.html}, Accessed January 2019},
}

@Misc{fpp2subseriesplot,
    author = {Rob J. Hyndman and George Athanasopoulos},
    title = {Seasonal subseries plots},
    year = {2018},
    month = {December},
    note = {\url{https://otexts.org/fpp2/seasonal-subseries-plots.html}, Accessed January 2019},
}

@Misc{fpp2stationarity,
    author = {Rob J. Hyndman and George Athanasopoulos},
    title = {Stationarity and differencing},
    year = {2018},
    month = {December},
    note = {\url{https://otexts.org/fpp2/stationarity.html}, Accessed January 2019},
}

@Misc{fpp2tspatterns,
    author = {Rob J. Hyndman and George Athanasopoulos},
    title = {Time series patterns},
    year = {2018},
    month = {December},
    note = {\url{https://otexts.org/fpp2/tspatterns.html}, Accessed January 2019},
}

@Misc{fpp2simplemethods,
    author = {Rob J. Hyndman and George Athanasopoulos},
    title = {Some simple forecasting methods},
    year = {2018},
    month = {December},
    note = {\url{https://otexts.org/fpp2/simple-methods.html}, Accessed December 2018},
}

@book{fpp2,
    author = {Rob J. Hyndman and George Athanasopoulos},
    title = {Forecasting: Principles and Practice, 2nd edition},
    year = {2018},
    month = {December},
}

@Misc{fpp2nonseasonalarima,
    author = {Rob J. Hyndman and George Athanasopoulos},
    title = {Non-seasonal {ARIMA} models},
    year = {2018},
    month = {December},
    note = {\url{https://otexts.org/fpp2/non-seasonal-arima.html}, Accessed December 2018},
}

@Misc{fpp2seasonalarima,
    author = {Rob J. Hyndman and George Athanasopoulos},
    title = {Seasonal {ARIMA} models},
    year = {2018},
    month = {December},
    note = {\url{https://otexts.org/fpp2/seasonal-arima.html}, Accessed December 2018},
}

@Misc{fpp2arimainr,
    author = {Rob J. Hyndman and George Athanasopoulos},
    title = {ARIMA in {R}},
    year = {2018},
    month = {December},
    note = {\url{https://otexts.com/fpp2/arima-r.html}, Accessed February 2019},
}

@Misc{hyndmanseasonalperiods,
    author = {Rob J. Hyndman},
    title = {Seasonal periods},
    year = {2014},
    month = {November},
    note = {\url{https://robjhyndman.com/hyndsight/seasonal-periods/}, Accessed December 2018},
}

@Misc{hyndmanarimax,
    author = {Rob J. Hyndman},
    title = {The {ARIMAX} model muddle},
    year = {2010},
    month = {October},
    note = {\url{https://robjhyndman.com/hyndsight/arimax/}, Accessed December 2018},
}

@Misc{fpp2dhr,
    author = {Rob J. Hyndman and George Athanasopoulos},
    title = {Dynamic harmonic regression},
    year = {2018},
    month = {December},
    note = {\url{https://otexts.org/fpp2/dhr.html}, Accessed December 2018},
}

@Misc{fpp2arimax,
    author = {Rob J. Hyndman and George Athanasopoulos},
    title = {Regression with {ARIMA} errors in {R}},
    year = {2018},
    month = {December},
    note = {\url{https://otexts.org/fpp2/regarima.html}, Accessed December 2018},
}

@Misc{fpp2usefulpredictors,
    author = {Rob J. Hyndman and George Athanasopoulos},
    title = {Some useful predictors},
    year = {2018},
    month = {December},
    note = {\url{https://otexts.org/fpp2/useful-predictors.html}, Accessed December 2018},
}

@Misc{fpp2transformations,
    author = {Rob J. Hyndman and George Athanasopoulos},
    title = {Transformations and adjustments},
    year = {2018},
    month = {December},
    note = {\url{https://otexts.org/fpp2/transformations.html}, Accessed January 2019},
}

@article{automatictimeseriesforecasting,
    author = {Hyndman, Rob J. and Khandakar, Yeasmin},
    year = {2008},
    month = {July},
    pages = {},
    title = {Automatic time series forecasting: the forecast package for {R}},
    volume = {26},
    journal = {Journal of Statistical Software},
    doi = {10.18637/jss.v027.i03}
}

@Misc{fpp2predictors,
    author = {Rob J. Hyndman and George Athanasopoulos},
    title = {Selecting predictors},
    year = {2018},
    month = {December},
    note = {\url{https://otexts.org/fpp2/selecting-predictors.html}, Accessed February 2019},
}

@Misc{fpp2residuals,
    author = {Rob J. Hyndman and George Athanasopoulos},
    title = {Residual diagnostics},
    year = {2018},
    month = {December},
    note = {\url{https://otexts.org/fpp2/residuals.html}, Accessed February 2019},
}

@ARTICLE{Hyndman06anotherlook,
    author = {Rob J. Hyndman and Anne B. Koehler},
    title = {Another look at measures of forecast accuracy},
    journal = {International Journal of Forecasting},
    year = {2006},
    pages = {679--688}
}


@Article{forecastpackagearticle,
    title = {Automatic time series forecasting: the forecast package
    for {R}},
    author = {Rob J Hyndman and Yeasmin Khandakar},
    journal = {Journal of Statistical Software},
    volume = {26},
    number = {3},
    pages = {1--22},
    year = {2008},
    url = {http://www.jstatsoft.org/article/view/v027i03},
}

@article{hyndman2015acf,
    author = "Hyndman, Rob J.",
    doi = "10.1214/14-EJS953",
    fjournal = "Electronic Journal of Statistics",
    journal = "Electron. J. Statist.",
    number = "1",
    pages = "792--796",
    publisher = "The Institute of Mathematical Statistics and the Bernoulli Society",
    title = "Discussion of “{H}igh-dimensional autocovariance matrices and optimal linear prediction”",
    url = "https://doi.org/10.1214/14-EJS953",
    volume = "9",
    year = "2015"
}

@book{hyndman2008forecasting,
    title={Forecasting with Exponential Smoothing: The State Space Approach},
    author={Hyndman, Rob J. and Koehler, A.B. and Ord, J.K. and Snyder, R.D.},
    isbn={9783540719182},
    series={Springer Series in Statistics},
    url={https://books.google.ro/books?id=GSyzox8Lu9YC},
    year={2008},
    publisher={Springer Berlin Heidelberg}
}

@article{pearson1895note,
    author = {Pearson, Karl},
    journal = {Proceedings of the Royal Society of London},
    pages = {240--242},
    publisher = {JSTOR},
    title = {Note on regression and inheritance in the case of two parents},
    volume = 58,
    year = 1895
}

@article{stiglercorrelationgalton,
    author = {M. Stigler, Stephen},
    year = {1989},
    month = {May},
    pages = {},
    title = {Francis {G}alton's {A}ccount of the {I}nvention of {C}orrelation},
    volume = {4},
    journal = {Statistical Science},
    doi = {10.1214/ss/1177012580}
}

@Misc{nauarimaarmarules,
    author = {Robert Nau},
    title = {Identifying the numbers of {AR} or {MA} terms in an {ARIMA} model},
    year = {2018},
    month = {June},
    note = {\url{https://people.duke.edu/~rnau/411arim3.htm}, Accessed January 2019},
}

@Misc{nauregression,
    author = {Robert Nau},
    title = {Notes on linear regression analysis},
    year = {2018},
    month = {June},
    note = {\url{https://people.duke.edu/~rnau/Notes_on_linear_regression_analysis--Robert_Nau.pdf}, Accessed January 2019},
}

@Misc{nauarimax,
    author = {Robert Nau},
    title = {{ARIMA} models with regressors},
    year = {2018},
    month = {June},
    note = {\url{https://people.duke.edu/~rnau/arimreg.htm}, Accessed December 2018},
}

@Misc{nauspectrum,
    author = {Robert Nau},
    title = {Introduction to {ARIMA} models},
    year = {2018},
    month = {June},
    note = {\url{https://people.duke.edu/~rnau/Slides_on_ARIMA_models--Robert_Nau.pdf}, Accessed December 2018},
}

@article{qqplots,
    author = {Wilk, M. B. and Gnanadesikan, R.},
    title = {Probability plotting methods for the analysis for the analysis of data},
    journal = {Biometrika},
    volume = {55},
    number = {1},
    pages = {1-17},
    year = {1968},
    doi = {10.1093/biomet/55.1.1},
    URL = {http://dx.doi.org/10.1093/biomet/55.1.1},
    eprint = {/oup/backfile/content_public/journal/biomet/55/1/10.1093/biomet/55.1.1/2/55-1-1.pdf}
}

@article{ljungboxtest,
    author = {Ljung, G. M. and Box, G. E. P.},
    title = {On a measure of lack of fit in time series models},
    journal = {Biometrika},
    volume = {65},
    number = {2},
    pages = {297-303},
    year = {1978},
    doi = {10.1093/biomet/65.2.297},
    URL = {http://dx.doi.org/10.1093/biomet/65.2.297},
    eprint = {/oup/backfile/content_public/journal/biomet/65/2/10.1093/biomet/65.2.297/2/65-2-297.pdf}
}

@article{8020rule,
    author = { George   E.P.   Box  and  R.   Daniel   Meyer },
    title = {An Analysis for Unreplicated Fractional Factorials},
    journal = {Technometrics},
    volume = {28},
    number = {1},
    pages = {11-18},
    year  = {1986},
    publisher = {Taylor & Francis},
    doi = {10.1080/00401706.1986.10488093},
    
    URL = { 
    https://www.tandfonline.com/doi/abs/10.1080/00401706.1986.10488093
    
    },
    eprint = { 
    https://www.tandfonline.com/doi/pdf/10.1080/00401706.1986.10488093
    
    }    
}

@article{armstrongevaluatingforecastingmethods,
    author = {Armstrong, J.},
    year = {2001},
    month = {January},
    journal = {Principles of Forecasting},
    pages = {},
    title = {Evaluating {F}orecasting {M}ethods},
    doi = {10.1007/978-0-306-47630-3_20}
}

@article{moore:1965,
    added-at = {2009-01-04T17:09:31.000+0100},
    author = {Moore, Gordon E.},
    biburl = {https://www.bibsonomy.org/bibtex/2867f7a1c71867074780e958c5cec38e4/lysander07},
    interhash = {886de6a8be647a56cc3de71d50149f5e},
    intrahash = {867f7a1c71867074780e958c5cec38e4},
    journal = {Electronics},
    keywords = {www01 wwwbuch wwwkap1},
    month = {April},
    number = 8,
    timestamp = {2009-01-27T15:24:50.000+0100},
    title = {Cramming more components onto integrated circuits},
    volume = 38,
    year = 1965
}

@book{thegrammarofgraphics,
    author = {Wilkinson, Leland},
    title = {The Grammar of Graphics (Statistics and Computing)},
    year = {2005},
    isbn = {0387245448},
    publisher = {Springer-Verlag},
    address = {Berlin, Heidelberg},
} 
